@ARTICLE{semi1,
	author = {J. Bickel, Peter and Li, Bo},
	title = {Local polynomial regression on unknown manifolds},
	journal = {InTomography,Networks and Beyond, pages 177â€“186. Institute of Mathematical Statistics},
	year = {2007}
}

@ARTICLE{semi2,
	author = {Lafferty, John and Wasserman, Larry},
	title = {Statistical Analysis of Semi-Supervised Regression},
	journal = {InNeural Information Processing Systems (NIPS)},
	year = {2007}
}

@ARTICLE{mainpaper,
	author = {Moscovich, Amit and Jaffe, Ariel and Nadler, Boaz},
	title = {Minimax-optimal semi-supervised regression on unknown manifolds},
	journal = {arXiv:1611.02221},
	year = {2017},
	month = {March}
}
